<?xml version="1.0" encoding="UTF-8"?><record xmlns="http://www.loc.gov/MARC21/slim" xmlns:cinclude="http://apache.org/cocoon/include/1.0" xmlns:zs="http://www.loc.gov/zing/srw/">
  <leader>00533cz  a2200145n  4500</leader>
  <controlfield tag="001">n  87935527 </controlfield>
  <controlfield tag="003">DLC</controlfield>
  <controlfield tag="005">19950916055046.5</controlfield>
  <controlfield tag="008">871106n| acannaab|          |a aaa      </controlfield>
  <datafield tag="010" ind1=" " ind2=" ">
    <subfield code="a">n  87935527 </subfield>
  </datafield>
  <datafield tag="040" ind1=" " ind2=" ">
    <subfield code="a">DLC</subfield>
    <subfield code="c">DLC</subfield>
    <subfield code="d">DLC</subfield>
    <subfield code="d">NjP</subfield>
  </datafield>
  <datafield tag="100" ind1="1" ind2="0">
    <subfield code="a">Henneaux, Marc</subfield>
  </datafield>
  <datafield tag="400" ind1="1" ind2="0">
    <subfield code="a">Henneaux, M.</subfield>
    <subfield code="q">(Marc)</subfield>
  </datafield>
  <datafield tag="670" ind1=" " ind2=" ">
    <subfield code="a">Brink, L. Principles of string theory, c1988:</subfield>
    <subfield code="b">CIP t.p. (Marc Henneaux; Free Univ. of Brussels and Centro de Estudios Cienti휍혖ficos de Santiago)</subfield>
  </datafield>
  <datafield tag="670" ind1=" " ind2=" ">
    <subfield code="a">Proceedings of the Journe휍혖es relativistes '93, c1994:</subfield>
    <subfield code="b">t.p. (M. Henneaux)</subfield>
  </datafield>
</record>